2802 4049
1604 102 1642 158 6.
668 261 2713 368 Der Vorderrichter wird schon dem Wortlaute der Klausel nicht gerecht, wenn
674 350 2713 457 er sie nur auf Irrtümer bezieht, die durch Mängel der Buchführung ver¬
659 426 2712 546 anlaßt sind. In Wahrheit besagt sie, daß die Festsetzung der Beteiligungs¬
649 526 2720 633 ziffer unter der Voraussetzung erfolgt sei, „daß die Angaben mit ihren
656 610 2712 716 richtig geführten Büchern übereinstimmend und nachweisbar sind." Irrtümer
655 690 2713 810 in der Aufgabe der einzelnen Ziffern sollten eine entsprechende Rektifizierung
650 787 2716 898 der Beteiligungsziffern für die betroffenen Werkbesitzer bedingen. Danach
656 866 2714 986 war die Aufrechterhaltung der festgesetzten Beteiligungsziffern nicht nur
652 976 2713 1079 davon abhängig, daß kein Widerspruch zwischen den der Festsetzung zu Grun¬
657 1048 2715 1166 de liegenden Angaben und den richtig geführten Büchern bestand — was an
657 1154 2714 1263 sich schon über das vom Vorderrichter unterstellte Erfordernis hinausgehen wür¬
652 1240 2715 1347 de —, sondern es mußten diese Angaben auch unabhängig von der Buchführung
649 1338 2722 1442 nachweisbar richtig sein, widrigenfalls die festgestellte Beteiligungsziffer der Be¬
649 1420 2715 1532 richtigung unterlag. Die Tragweite der Bestimmung ist nach der Bedeutung und
652 1516 2721 1642 Wichtigkeit des ganzen Vertrages zu beurteilen. Es handelte sich darum,
650 1595 2729 1706 die viele bedeutende industrielle Unternehmungen umfassende, mit großer
665 1690 2720 1789 Mühe und unter Aufwendung erheblicher Mittel ins Leben gerufene und
655 1775 2717 1882 auf eine Dauer von mindestens 10 Jahren berechnete Vereinigung davor zu
657 1860 2717 1971 bewahren, daß sie wegen eines bei der Festsetzung der Beteiligungsziffern
660 1955 2715 2051 vorgekommenen, vielleicht nicht sehr erheblichen Irrtums gesprengt werden und
649 2054 2718 2151 so die wichtigsten wirtschaftlichen Interessen aus einem verhältnismäßig un¬
656 2142 2720 2249 bedeutenden Anlasse schwer geschädigt werden konnten. Da nun ferner im
666 2239 2719 2346 Prinzip darüber Einverständnis herrschte, daß die Beteiligung der einzelnen
666 2332 2718 2437 Werke an der gemeinsamen Produktion nach ihrer Leistungsfähigkeit zu be¬
659 2434 2729 2525 messen sei, so lag eine Vereinbarung dahin nahe, daß, wenn auch die festgestell¬
654 2498 2718 2615 ten Beteiligungsziffern an sich einen Bestandteil des Vertrages bildeten, doch
649 2599 2732 2706 etwaige der Festsetzung zugrundeliegende Irrtümer nicht zu einer Auf¬
652 2695 2721 2792 lösung der Gesellschaft, sondern nur zu einer dem zu Grunde gelegten Maß¬
659 2777 2721 2881 stabe der Leistungsfähigkeit entsprechenden Berichtigung führen sollten. Es
654 2876 2720 2976 wäre schlechterdings nicht zu verstehen, weshalb in dieser Hinsicht ein Unterschied
653 2950 2725 3069 hätte gemacht werden sollen, je nachdem der Irrtum auf Mängeln der Buch¬
655 3047 2732 3146 führung oder auf unrichtigen Angaben anderer Art beruhte. Beklagte behauptet
658 3134 2729 3238 nun, daß Klägerin bei der zur Ermittelung ihrer Produktionsfähigkeit beru¬
666 3221 2726 3326 fenen Kommission den auf eine Leistungsfähigkeit von 57000 Faß ge¬
657 3325 2726 3427 schätzten Ringofen fälschlich als Zementofen angemeldet habe, während er tat¬
660 3409 2728 3516 sächlich als Kalkofen gedient habe und als solcher auch beim Kalksyndikat kon¬
660 3491 2728 3628 tingentiert gewesen sei, wie denn auch die für die Benutzung des Ofens
649 3591 2728 3697 zur Zementfabrikation erforderlichen Maschinen und Mühlen gefehlt hätten.
659 3683 2732 3792 Ist dies richtig, was der Vorderrichter dahingestellt sein läßt, so wäre, da kein
673 3772 2724 3892 Streit darüber besteht, daß die Schätzung der Kommission der Feststellung der klä¬
2562 3892 2723 3967 ge¬
